                  @BOOK{texbook:STEWART,
                     author = "James Stewart",
                     title= "CÃ¡lculo, Volume 1",
                     publisher = "Cengage",
                     year = 2011
                  }