@Book{kurose,
  author =       "Kurose, J. Ross, K.",
  title =        "Redes de Computadores e a Internet: Uma Abordagem top-down",
  publisher =    "Addison Wesley",
  volume= 	 "3",
  year =         "2006",
}

@Book{sto,
  author =       "Ivan Stojmenovic ",
  title =        "Handbook of Wireless Networks and Mobile Computing",
  publisher =    "John Wiley and Sons",
  year =         "2002",
}


@Book{stalin,
  author =       "William Stallings ",
  title =        "Data Computer and Communications",
  publisher =    "Prentice Hall",
  year =         "2007",
}

@article{cho,
author = "HyangDuck Cho, JaeKyun Park, Keumsang Lim, Jongha Kim, Wooshic Kim",
title = "The Mobile Controlled handover method for Fixed Mobile Convergence between WLAN, CDMA and LAN",
journal = "IEEE The 7th International Conference on Advanced Communication Technology",
year = "2005",
pages = "559 - 563",
}

@article{c,
author = "C. Perkins,",
title = "IP Mobility Support",
journal = "RFC-2002",
year = "1996",
}

@article{rmos,
author = "R. Moskowitz, P. Nikander",
title = "Host Identity Protocol (HIP) Architecture",
journal = "RFC-4423",
year = "2006",
}

@article{nick,
author = " Kok-Kiong Yap, Yimu Kobayashi and Masd Sherwood",
title = "OpenRoads: Empowering Research in Mobile Networks",
journal = "ACM SIGCOMM Conference",
year = "2009",
}

@article{henna,
author = " Henna Warma et al",
title = "Mobile Internet in Stereo: An end-to-end Scenario",
journal = "Incentive, Overlays and Economic Traffic Control",
year = "2010",
}

@article{paas,
author = "Christoph Paasch, Gregory Detal, Fabien Duchene, Costin Raiciu, Olivier Bonaventure",
title = "Exploring Mobile/WiFi Handover with Multipath TCP",
journal = "ACM SIGCOMM Conference",
year = "2012",
}

@article{kyap,
author = "Y. Kok-Kiong, H. Te-Yuan, M. Kobayashi, Y. Yakoumis, N. McKeown, S. Katti, G. Parulkar",
title = "Making Use of All the Networks Around Us: A Case Study in Android",
journal = "ACM SIGCOMM Conference - CellNet'12 ",
year = "2012",
}

@article{kky,
author = "Y. Kok-Kiong, M. Kobayashi, R. Sherwood, H. Te-Yuan, M. Chan, G. Parulkar, N. McKeown,",
title = "Lossless Handover with n-casting between WiFi-WiMAX on OpenRoads",
journal = "ACM MobiCOM Conference",
year = "2009",
}


@article{mck,
author = "N. McKeown, T. Anderson, H. Balakrishnan, G. Parulkar, L. Peterson, J. Rexford, S. Shenker, J. Turner,",
title = "OpenFlow: Enabling Innovation in Campus Networks",
journal = "ACM SIGCOMM Computer Communications Review",
pages = "69 -74",
year = "2008",
}

@article{cp,
author = "C. Perkins,",
title = "IP Mobility Support for IPv4, Revised",
journal = "RFC-3344",
year = "2010",
}

@article{mptc,
author = "A. Ford, C. Raiciu, M. Handley, S. Barre, J. Iyengar",
title = "Architectural Guidelines for Multipath TCP Development",
journal = "RFC-6182 ",
year = "2011",
}

@article{phil,
author = "Philippe Bertin, Karine Guillouard, Jean-Christophe Rault",
title = "IP based network controlled handover management in WLAN access networks",
journal = "IEEE International Conference on Communications ",
year = "2004",
pages = "3906 - 3910",
}

@article{brik,
author = "Vladimir Brik, Arunesh Mishra, Suman BanerjeE",
title = "Eliminating handoff latencies in 802.11 WLANs using Multiple Radios: Applications, Experience, and Evaluation",
}

@article{jaako,
author = "Jun-Zhao Sun, Jaako Sauvola",
title = "Mobile IP Applicability: When Do we really need it?"
journal = "Procedings of the 2004 International Conference on Parallel Processing Workshops(ICPPW 04)",
year = "2004",
}

@article{pekka,
author = "Pekka Nikander, Andrei Gurtov, Thomas Henderson",
title = " Host Identity Protocol(HIP): Connectivity, mobility, multi-homming, security and privacy over IPv4 and IPv6 Networks"
journal = "IEEE COMMUNICATIONS SURVEYS and TUTORIALS",
year = "2010",
}

@article{pack,
author = "Sangheon Pack, Jaeyoung Choi, Taekyoung Kwon, Yanghee Choi",
title = "Fast-Handoff Suport in IEEE 802.11 Wireless Networks"
journal = "IEEE COMMUNICATIONS SURVEYS: THE ELETRONIC MAGAZINE OF ORIGINAL PEER-REVIEWD SURVEY ARTICLES",
year = "2007",
}

@Book{yacoub,
  author =       "Michael D Yacoub.",
  title =        "Wireless Technology: Protocols, Standards and Techniques",
  publisher =    "CRC Press",
  year =         "2002",
}

@Book{peter,
  author =       "Peter Kacsuk, Gabriele Kotsis ",
  title =        "Distributed and Parallel Systems: From instruction Parallelism to Cluster Computing",
  publisher =    "Kluwer Academy Publishers",
  year =         "2000",
}

@Book{solomon,
  author =       "Mikael G. Solomon , David Kim ",
  title =        "Fundamentals of Communication and Networking",
  publisher =    "Jones \& Bartlett Learning",
  year =         "2009",
}

@Book{reza,
  author =       "Reza B\'Far",
  title =        "Mobile Computing Principles: Design and Developing Mobile Applications with UML and XML",
  publisher =    "Cambridge",
  year =         "2005",
}
@unpublished{amir,
  author =       "Amir, Majlesi. Babak, H Khalaj.",
  title =        "AN ADAPTIVE FUZZY LOGIC BASED HANDOFF ALGORITHM FOR INTERWORKING BETWEEN WLANS AND MOBILE NETWORKS",
}

@Book{Houssein,
  author =       "Hossein Bidgoli",
  title =        "The Handbook of Information Security",
  publisher =    "John Wiley Sons",
  year =         "2005",
}
@Book{stevens,
  author =       "Stevens, W. R. Fenner, B. Rudoff, A. M.",
  title =        "Unix Network Programming: The Sockets Networking API",
  publisher =    "Addison Wesley",
  year =         "2009",
}
@Book{buttyan,
  author =       "Butty√°n, L. Hubaux, J.",
  title =        "Security and Cooperation in Wireless Networks",
  publisher =    "Cambridge University Press",
  year =         "2008",
}
@Book{rappaport,
  author =       "Rappaport, T. S.",
  title =        "Wireless Communications: Principles and Pratice",
  publisher =    "Prentice Hall",
  year =         "2008",
}
@Book{kumar,
  author =       "Kumar, A. Manjunath, D. Kuri J.",
  title =        "Communication Networking: An Analitical Approach",
  publisher =    "Elsevier",
  year =         "2004",
}
@Book{gast,
  author =       "Matthew S. Gast",
  title =        "802.11 Wireless Networks: A definitive Guide ",
  publisher =    "ORelly",
  year =         "2005",
}

@article{sorger,
  author =       "Melakessou, F. and Sorger, U. and Suchanecki, Z.",
  title =        "MPTCP: Concept of a Flow Control Protocol Based on Multiple Paths for the Next Generation Internet",
  publisher =    "International Symposium on Communications and Information Technologies, 2007. ISCIT '07.  ",
  year =         "2007",
}

@article{pathing,
  author =       " van der Pol, Ronald and Boele, Sander and Dijkstra, Freek and Barczyk, Artur and van Malenstein, Gerben and Hao Chen, Jim and Mambretti, Joe ",
  title =        "Multipathing with MPTCP and OpenFlow",
  journal =    "Supercomputing 2012 SCInet Research Sandbox Proposal.",
  year =         "2012",
}

@article{raichu,
 author = "Raiciu, Costin and Barre, Sebastien and Pluntke, Christopher and Greenhalgh, Adam and Wischik, Damon and Handley, Mark",
 title = "Improving datacenter performance and robustness with multipath TCP",
 journal = "SIGCOMM Comput. Commun. Rev.",
 issue_date = "August 2011",
 volume = "41",
 number = "4",
 month = "aug",
 year = "2011",
 issn = "0146-4833",
 pages = "266--277",
 numpages = "12",
 url = "http://doi.acm.org/10.1145/2043164.2018467",
 doi = "10.1145/2043164.2018467",
 acmid = "2018467",
 publisher = "ACM",
 address = "New York, NY, USA",
 keywords = "data center, mptcp",
} 

@inproceedings{park,
 author = "Park, Hyelim and Kim, Myungchul and Lee, Sooyong and Kang, Sungwon and Kim, Yongho",
 title = "A mobility management scheme using SCTP-SIP for real-time services across heterogeneous networks",
 booktitle = "Proceedings of the 2009 ACM symposium on Applied Computing",
 series = "SAC 09",
 year = "2009",
 isbn = "978-1-60558-166-8",
 location = "Honolulu, Hawaii",
 pages = "196--200",
 numpages = "5",
 url = "http://doi.acm.org/10.1145/1529282.1529324",
 doi = "10.1145/1529282.1529324",
 acmid = "1529324",
 publisher = "ACM",
 address = "New York, NY, USA",
 keywords = "RTP over SCTP, SCTP, SIP, SIP over SCTP, vertical handoff",
} 

@Book{werner,
  author =       "Werner, J.",
  title =        "New Network Architectures The Path to the Future Internet: Description of Network Research Enablers on the Example of OpenFlow ",
  publisher =    "Springer",
  year =         "2010",
}
@article{deli,
  author =       "Deli, P. Kassler, A. Bayer, N.",
  title =        "OpenFLow for Wireless Mesh Networks ",
  publisher =    "Proceedings of 20th International Conference on Computer Communications and Networks ICCCN ",
  year =         "2011",
}