                  @MISC{website:aula_geogebra,
                        title = "Matemática - Isabella Felinto - Atividade Geogebra",
                        year = 2012,
                        howpublished = "\url{https://sites.google.com/a/catolica.edu.br/trabalhos_matematica/homepage/PPEM-I/atividade_geogebra}"
                  }

                  @BOOK{texbook:matematica_em,
                     author = "Filho, Benigno Barreto",
                     title= "Matemática - Ensino Médio",
                     publisher = "FTD",
                     year = 2000
                  }