                  @MISC{MUNARI:2006                  ,
                     author = "Antônio César de Barros Munari",
                     title = "{Notas de Aula - Disciplina: Teoria de Sistemas (TS)}",
                     note = "Disciplina ministrada no curso de PROCESSAMENTO DE DADOS a Faculdade de Tecnologia de Sorocaba (FATEC-SO)",
                     year = 2006
                  }

                  @MISC{website:simulacao,
                        author = "Enrique Ortega and Márcio de Carli",
                        title = "Minimodelos para simular o comportamento de ecossistemas (naturais e antrópicos) em computador",
                        year = 2011,
                        howpublished = "\url{http://www.unicamp.br/fea/ortega/eco/simul/indice-p.htm}"
                  }

                  @MISC{website:cibernetica,
                        title = "Wikipedia - Cibernética",
                        year = 2011,
                        howpublished = "\url{http://pt.wikipedia.org/wiki/Cibern\%C3\%A9tica}"
                  }

                  @MISC{website:cibernetica_GEROVITCH,
                        title = "Cybernetics and Information Theory in the United States, France and the Soviet Union",
                        year = 2003,
                        howpublished = "\url{http://www.infoamerica.org/documentos_word/shannon-wiener.htm}"                  
                  }

                  @MISC{website:cibernetica_MEDINA,
                        title = "Designing Freedom, Regulating a Nation: Socialist Cybernetics in Allende’s Chile",
                        year = 2006,
                        howpublished = "\url{http://www.infoamerica.org/documentos_word/shannon-wiener.htm}"                  
                  }

                  @MISC{website:cibernetica_WIENER,
                        title = "Designing Freedom, Regulating a Nation: Socialist Cybernetics in Allende’s Chile",
                        year = 1968,
                        howpublished = "\url{http://informatics.indiana.edu/edenm/EdenMedinaJLASAugust2006.pdf}"                  
                  }

                  @MISC{website:teoria_sistemas,
                        title = "Wikipedia - Teoria de Sistemas",
                        year = 2011,
                        howpublished = "\url{http://pt.wikipedia.org/wiki/Teoria_de_sistemas}"
                  }

                  @BOOK{texbook:teoria_sistema_KLIR,
                     author = "KLIR, George J.",
                     title= "Facets of Systems Science",
                     publisher = "Springer Verlag",
                     year = 1994
                  }

                  @BOOK{texbook:teoria_sistema_CHIAVENATO,
                     author = "Idalberto Chiavenato",
                     title= "Introdução à Teoria Geral da Administração",
                     publisher = "Ed. Makron Books",
                     year = 2000
                  }

                  @BOOK{texbook:teoria_sistema_BERTALANFFY,
                     author = "Bertalanffy, Ludwig Von.",
                     title= "Teoria Geral dos Sistemas",
                     publisher = "Springer VerlagEd. Vozes",
                     year = 1975
                  }

                  @BOOK{texbook:teoria_sistema_CAPRA,
                     author = "Capra, Fritjof",
                     title= "A Teia da Vida",
                     publisher = "Ed. Cultrix",
                     year = 1997
                  }

                  @MISC{website:r_project,
                        title = "R Project",
                        year = 2011,
                        howpublished = "\url{http://www.r-project.org/}"
                  } 
