                  @MISC{handout:ALV,
                        title = "Notas de aula da disciplina geometria euclidiana ministradas no curso de licenciatura em matemática na UFSCAR campus Sorocaba",
                        year = 2013,
                        author = "Antônio Luís Venezuela",
                        howpublished = "\url{https://github.com/foguinhoperuca/math_major_ufscar}"
                  }